@article{Goldreich_1990,
  doi = {10.1086/169376},
  url = {https://doi.org/10.1086%2F169376},
  year = {1990},
  month = {nov},
  publisher = {{IOP} Publishing},
  volume = {363},
  pages = {694},
  author = {Peter Goldreich and Pawan Kumar},
  title = {{Wave generation by turbulent convection}},
  journal = {The Astrophysical Journal},
}


@article{Kumar_1994,
  doi = {10.1086/174159},
  url = {https://doi.org/10.1086%2F174159},
  year = {1994},
  month = {may},
  publisher = {{IOP} Publishing},
  volume = {427},
  pages = {483},
  author = {Pawan Kumar and Peter Goldreich and Richard Kerswell},
  title = {{Effect of nonlinear interactions on p-mode frequencies and line widths}},
  journal = {The Astrophysical Journal},
}


@article{Lee_2013,
  doi = {10.1088/0004-637x/774/2/103},
  url = {https://doi.org/10.1088%2F0004-637x%2F774%2F2%2F103},
  year = {2013},
  month = {aug},
  publisher = {{IOP} Publishing},
  volume = {774},
  number = {2},
  pages = {103},
  author = {Duane M. Lee and Kathryn V. Johnston and Jason Tumlinson and Bodhisattva Sen and Joshua D. Simon},
  title = {{A {MASS}-{DEPENDENT} {YIELD} {ORIGIN} {OF} {NEUTRON}-{CAPTURE} {ELEMENT} {ABUNDANCE} {DISTRIBUTIONS} {IN} {ULTRA}-{FAINT} {DWARFS}}},
  journal = {The Astrophysical Journal},
}


@article{Salpeter_1955,
  doi = {10.1086/145971},
  url = {https://doi.org/10.1086%2F145971},
  year = {1955},
  month = {jan},
  publisher = {{IOP} Publishing},
  volume = {121},
  pages = {161},
  author = {Edwin E. Salpeter},
  title = {{The Luminosity Function and Stellar Evolution.}},
  journal = {The Astrophysical Journal},
}


@article{Salpeter_1955a,
  doi = {10.1016/0083-6656(55)90037-4},
  url = {https://doi.org/10.1016%2F0083-6656%2855%2990037-4},
  year = {1955},
  month = {jan},
  publisher = {Elsevier {BV}},
  volume = {1},
  pages = {283--290},
  author = {E.E. Salpeter},
  title = {{Energy production in stars}},
  journal = {Vistas in Astronomy},
}


@article{Cohen_2010,
  doi = {10.1088/0004-637x/719/1/931},
  url = {https://doi.org/10.1088%2F0004-637x%2F719%2F1%2F931},
  year = {2010},
  month = {jul},
  publisher = {{IOP} Publishing},
  volume = {719},
  number = {1},
  pages = {931--949},
  author = {Judith G. Cohen and Wenjin Huang},
  title = {{{THE} {CHEMICAL} {EVOLUTION} {OF} {THE} {URSA} {MINOR} {DWARF} {SPHEROIDAL} {GALAXY}}},
  journal = {The Astrophysical Journal},
}


@article{Karlsson_2005,
  doi = {10.1051/0004-6361:20042168},
  url = {https://doi.org/10.1051%2F0004-6361%3A20042168},
  year = {2005},
  month = {jun},
  publisher = {{EDP} Sciences},
  volume = {436},
  number = {3},
  pages = {879--894},
  author = {T. Karlsson and B. Gustafsson},
  title = {{Stochastic chemical enrichment in metal-poor systems}},
  journal = {Astronomy {\&} Astrophysics},
}
